<?xml version="1.0" encoding="UTF-8"?>
<collection xmlns="http://www.loc.gov/MARC21/slim">
 <record>
  <leader>02819cam a2200517Ia 4500</leader>
  <controlfield tag="001">8355349</controlfield>
  <controlfield tag="005">20110329101800.0</controlfield>
  <controlfield tag="006">m        d        </controlfield>
  <controlfield tag="007">cr |||||||||||</controlfield>
  <controlfield tag="008">110329s2010    iluab   obc   001 0 eng  </controlfield>
  <datafield tag="020" ind1=" " ind2=" ">
   <subfield code="a">1885923708</subfield>
  </datafield>
  <datafield tag="020" ind1=" " ind2=" ">
   <subfield code="a">9781885923707 (alk. paper)</subfield>
  </datafield>
  <datafield tag="035" ind1=" " ind2=" ">
   <subfield code="a">(OCoLC)709728386</subfield>
  </datafield>
  <datafield tag="035" ind1=" " ind2=" ">
   <subfield code="a">8355349</subfield>
  </datafield>
  <datafield tag="040" ind1=" " ind2=" ">
   <subfield code="a">CGU</subfield>
   <subfield code="c">CGU</subfield>
   <subfield code="d">CGU</subfield>
  </datafield>
  <datafield tag="043" ind1=" " ind2=" ">
   <subfield code="a">aw-----</subfield>
  </datafield>
  <datafield tag="049" ind1=" " ind2=" ">
   <subfield code="a">CGUA</subfield>
  </datafield>
  <datafield tag="050" ind1="0" ind2="0">
   <subfield code="a">CC101.M628</subfield>
   <subfield code="b">P56 2010</subfield>
  </datafield>
  <datafield tag="245" ind1="0" ind2="0">
   <subfield code="a">Pioneers to the past</subfield>
   <subfield code="h">[electronic resource] :</subfield>
   <subfield code="b">American archaeologists in the Middle East, 1919-1920 /</subfield>
   <subfield code="c">[edited by] Geoff Emberling.</subfield>
  </datafield>
  <datafield tag="250" ind1=" " ind2=" ">
   <subfield code="a">1st ed.</subfield>
  </datafield>
  <datafield tag="260" ind1=" " ind2=" ">
   <subfield code="a">Chicago, IL :</subfield>
   <subfield code="b">Oriental Institute of the University of Chicago,</subfield>
   <subfield code="c">2010.</subfield>
  </datafield>
  <datafield tag="300" ind1=" " ind2=" ">
   <subfield code="a">1 online resource (160 p. :</subfield>
   <subfield code="b">ill. (some col.), maps)</subfield>
  </datafield>
  <datafield tag="490" ind1="1" ind2=" ">
   <subfield code="a">Oriental Institute Museum publications ;</subfield>
   <subfield code="v">no. 30</subfield>
  </datafield>
  <datafield tag="500" ind1=" " ind2=" ">
   <subfield code="a">&quot;This volume has been published in conjunction with the exhibition Pioneers to the Past: American Archaeologists in the Middle East, 1919-1920, presented at the Oriental Institute Museum, January 12 to August 23, 2010&quot;--T.p. verso.</subfield>
  </datafield>
  <datafield tag="504" ind1=" " ind2=" ">
   <subfield code="a">Includes bibliographical references (p. 153-155) and index.</subfield>
  </datafield>
  <datafield tag="650" ind1=" " ind2="0">
   <subfield code="a">Archaeologists</subfield>
   <subfield code="z">Middle East</subfield>
   <subfield code="x">History</subfield>
   <subfield code="v">Exhibitions.</subfield>
  </datafield>
  <datafield tag="650" ind1=" " ind2="0">
   <subfield code="a">Archaeology</subfield>
   <subfield code="x">History</subfield>
   <subfield code="z">Middle East</subfield>
   <subfield code="x">Archaeology</subfield>
   <subfield code="x">History</subfield>
   <subfield code="v">Exhibitions.</subfield>
  </datafield>
  <datafield tag="650" ind1=" " ind2="0">
   <subfield code="a">Egyptology</subfield>
   <subfield code="x">History</subfield>
   <subfield code="v">Exhibitions.</subfield>
  </datafield>
  <datafield tag="600" ind1="1" ind2="7">
   <subfield code="a">Breasted, James Henry,</subfield>
   <subfield code="d">1865-1935.</subfield>
   <subfield code="2">fast</subfield>
   <subfield code="0">http://id.worldcat.org/fast/fst00053874</subfield>
  </datafield>
  <datafield tag="610" ind1="2" ind2="7">
   <subfield code="a">University of Chicago.</subfield>
   <subfield code="b">Oriental Institute.</subfield>
   <subfield code="2">fast</subfield>
   <subfield code="0">http://id.worldcat.org/fast/fst00530724</subfield>
  </datafield>
  <datafield tag="650" ind1=" " ind2="7">
   <subfield code="a">Archaeological expeditions.</subfield>
   <subfield code="2">fast</subfield>
   <subfield code="0">http://id.worldcat.org/fast/fst00812901</subfield>
  </datafield>
  <datafield tag="650" ind1=" " ind2="7">
   <subfield code="a">Archaeologists.</subfield>
   <subfield code="2">fast</subfield>
   <subfield code="0">http://id.worldcat.org/fast/fst00812929</subfield>
  </datafield>
  <datafield tag="650" ind1=" " ind2="7">
   <subfield code="a">Archaeology.</subfield>
   <subfield code="2">fast</subfield>
   <subfield code="0">http://id.worldcat.org/fast/fst00812938</subfield>
  </datafield>
  <datafield tag="650" ind1=" " ind2="7">
   <subfield code="a">Egyptology.</subfield>
   <subfield code="2">fast</subfield>
   <subfield code="0">http://id.worldcat.org/fast/fst00904000</subfield>
  </datafield>
  <datafield tag="651" ind1=" " ind2="7">
   <subfield code="a">Middle East.</subfield>
   <subfield code="2">fast</subfield>
   <subfield code="0">http://id.worldcat.org/fast/fst01241586</subfield>
  </datafield>
  <datafield tag="655" ind1=" " ind2="7">
   <subfield code="a">Exhibition catalogs.</subfield>
   <subfield code="2">fast</subfield>
   <subfield code="0">http://id.worldcat.org/fast/fst01424028</subfield>
  </datafield>
  <datafield tag="655" ind1=" " ind2="7">
   <subfield code="a">History.</subfield>
   <subfield code="2">fast</subfield>
   <subfield code="0">http://id.worldcat.org/fast/fst01411628</subfield>
  </datafield>
  <datafield tag="610" ind1="2" ind2="0">
   <subfield code="a">University of Chicago.</subfield>
   <subfield code="b">Oriental Institute</subfield>
   <subfield code="v">Exhibitions.</subfield>
  </datafield>
  <datafield tag="600" ind1="1" ind2="0">
   <subfield code="a">Breasted, James Henry,</subfield>
   <subfield code="d">1865-1935.</subfield>
  </datafield>
  <datafield tag="700" ind1="1" ind2=" ">
   <subfield code="a">Emberling, Geoff.</subfield>
  </datafield>
  <datafield tag="776" ind1="0" ind2="8">
   <subfield code="i">Print version:</subfield>
   <subfield code="t">Pioneers to the past.</subfield>
   <subfield code="b">1st ed.</subfield>
   <subfield code="d">Chicago, IL : Oriental Institute of the University of Chicago, 2010</subfield>
   <subfield code="z">9781885923707</subfield>
   <subfield code="w">(DLC) 2009941795</subfield>
   <subfield code="w">(OCoLC)529488957</subfield>
   <subfield code="w">(ICU)8057467</subfield>
  </datafield>
  <datafield tag="830" ind1=" " ind2="0">
   <subfield code="a">Oriental Institute Museum publications ;</subfield>
   <subfield code="v">no. 30.</subfield>
  </datafield>
  <datafield tag="856" ind1="4" ind2="0">
   <subfield code="u">http://bibpurl.oclc.org/web/42223</subfield>
  </datafield>
  <datafield tag="856" ind1="4" ind2="0">
   <subfield code="u">http://oi.uchicago.edu/pdf/oimp30.pdf</subfield>
  </datafield>
  <datafield tag="928" ind1=" " ind2=" ">
   <subfield code="u">http://bibpurl.oclc.org/web/42223</subfield>
   <subfield code="c">FullText</subfield>
   <subfield code="l">Online</subfield>
   <subfield code="t">LCC</subfield>
   <subfield code="a">CC101.M628P56 2010</subfield>
  </datafield>
  <datafield tag="928" ind1=" " ind2=" ">
   <subfield code="u">http://oi.uchicago.edu/pdf/oimp30.pdf</subfield>
   <subfield code="c">FullText</subfield>
   <subfield code="l">Online</subfield>
   <subfield code="t">LCC</subfield>
   <subfield code="a">CC101.M628P56 2010</subfield>
  </datafield>
 </record>
</collection>
